<record><leader>00000cas a22000007a 4500</leader><controlfield tag="001">16137919</controlfield><controlfield tag="008">870707d19161918iaudn ne      0    0eng d</controlfield><datafield ind1=" " ind2=" " tag="010"><subfield code="a">sn 87058456 </subfield></datafield><datafield ind1=" " ind2=" " tag="040"><subfield code="a">INP</subfield><subfield code="b">eng</subfield><subfield code="c">INP</subfield><subfield code="d">OCLCQ</subfield></datafield><datafield ind1=" " ind2=" " tag="042"><subfield code="a">msc</subfield></datafield><datafield ind1="0" ind2="0" tag="245"><subfield code="a">Mason City morning times.</subfield></datafield><datafield ind1=" " ind2=" " tag="260"><subfield code="a">Mason City [Iowa] :</subfield><subfield code="b">Times Co.,</subfield><subfield code="c">1916-1918.</subfield></datafield><datafield ind1=" " ind2=" " tag="300"><subfield code="a">2 v.</subfield></datafield><datafield ind1=" " ind2=" " tag="310"><subfield code="a">Daily (except Monday)</subfield></datafield><datafield ind1="0" ind2=" " tag="362"><subfield code="a">Vol. 34, no. 79 (Apr. 4, 1916)-v. 35, no. 321 (Feb. 1, 1918).</subfield></datafield><datafield ind1=" " ind2=" " tag="752"><subfield code="a">United States</subfield><subfield code="b">Iowa</subfield><subfield code="c">Cerro Gordo</subfield><subfield code="d">Mason City.</subfield></datafield><datafield ind1="0" ind2="0" tag="780"><subfield code="t">Mason City daily times</subfield><subfield code="w">(DLC)sn 87058455</subfield></datafield><datafield ind1="0" ind2="0" tag="785"><subfield code="t">Mason City times (Mason City, Iowa : 1918)</subfield><subfield code="w">(DLC)sn 87058457</subfield></datafield></record>